% ETHNOLOGUE
@book{ESF25,
  editor    = {David M. Eberhard and Gary F. Simons and Charles D. Fennig},
  title     = {Ethnologue: Languages of the World},
  edition   = {28th},
  year      = {2025},
  publisher = {SIL International},
  address   = {Dallas, Texas},
}

@incollection{JJS11,
  author       = {Kent P. Jackson and Frank F. Judd Jr. and David R. Seely},
  title        = {Chapters, Verses, Punctuation, Spelling, and Italics},
  booktitle    = {The King James Bible and the Restoration},
  editor       = {Kent P. Jackson},
  publisher    = {Religious Studies Center, Brigham Young University},
  address      = {Provo, UT},
  year         = {2011},
  pages        = {95--117}
}