@book{KWF2015,
  author    = {{Komisyon sa Wikang Filipino}},
  title     = {Manwal sa Masinop na Pagsulat},
  publisher = {{Komisyon sa Wikang Filipino}},
  year      = {2015}
}