@book{KWF2015,
	author    = {{Komisyon sa Wikang Filipino}},
	title     = {Manwal sa Masinop na Pagsulat},
	publisher = {{Komisyon sa Wikang Filipino}},
	year      = {2015}
}

@incollection{hansenedwards2008phonology,
	author    = {Hansen Edwards, Janet G. and Zampini, Mary L.},
	title     = {Phonology and Second Language Acquisition},
	booktitle = {Phonology and Second Language Acquisition},
	editor    = {Hansen Edwards, Janet G. and Zampini, Mary L.},
	publisher = {John Benjamins},
	year      = {2008},
	url       = {https://mrdowoportal.weebly.com/uploads/1/0/1/8/10183165/hansenedwards-zampini-2008-phonologyandl2acqu.pdf}
}
