@misc{Boquet_2017,
  title     = {The Diversity of the Philippine Population},
  url       = {http://dx.doi.org/10.1007/978-3-319-51926-5_7},
  doi       = {10.1007/978-3-319-51926-5_7},
  journal   = {Springer Geography},
  publisher = {Springer International Publishing},
  author    = {Boquet, Yves},
  year      = {2017},
  pages     = {159â€“179}
}

@article{Blust_1991,
  title     = {The Greater Central Philippines Hypothesis},
  volume    = {30},
  url       = {http://dx.doi.org/10.2307/3623084},
  doi       = {10.2307/3623084},
  number    = {2},
  journal   = {Oceanic Linguistics},
  publisher = {JSTOR},
  author    = {Blust, Robert},
  year      = {1991},
  pages     = {73}
}


